@article{Yamauchi2012,
  doi = {10.1136/gutjnl-2012-302014},
  url = {https://doi.org/10.1136/gutjnl-2012-302014},
  year  = {2012},
  month = {apr},
  publisher = {{BMJ}},
  volume = {61},
  number = {6},
  pages = {794--797},
  author = {Mai Yamauchi and Paul Lochhead and Teppei Morikawa and Curtis Huttenhower and Andrew T Chan and Edward Giovannucci and Charles Fuchs and Shuji Ogino},
  title = {Colorectal cancer: a tale of two sides or a continuum?: Figure 1},
  journal = {Gut}
}

@article{Guinney2015,
  doi = {10.1038/nm.3967},
  url = {https://doi.org/10.1038/nm.3967},
  year  = {2015},
  month = {oct},
  publisher = {Springer Nature},
  volume = {21},
  number = {11},
  pages = {1350--1356},
  author = {Justin Guinney and Rodrigo Dienstmann and Xin Wang and Aur{\'{e}}lien de Reyni{\`{e}}s and Andreas Schlicker and Charlotte Soneson and Laetitia Marisa and Paul Roepman and Gift Nyamundanda and Paolo Angelino and Brian M Bot and Jeffrey S Morris and Iris M Simon and Sarah Gerster and Evelyn Fessler and Felipe De Sousa E Melo and Edoardo Missiaglia and Hena Ramay and David Barras and Krisztian Homicsko and Dipen Maru and Ganiraju C Manyam and Bradley Broom and Valerie Boige and Beatriz Perez-Villamil and Ted Laderas and Ramon Salazar and Joe W Gray and Douglas Hanahan and Josep Tabernero and Rene Bernards and Stephen H Friend and Pierre Laurent-Puig and Jan Paul Medema and Anguraj Sadanandam and Lodewyk Wessels and Mauro Delorenzi and Scott Kopetz and Louis Vermeulen and Sabine Tejpar},
  title = {The consensus molecular subtypes of colorectal cancer},
  journal = {Nature Medicine}
}

@article{Benedix2010,
  doi = {10.1007/dcr.0b013e3181c703a4},
  url = {https://doi.org/10.1007/dcr.0b013e3181c703a4},
  year  = {2010},
  month = {jan},
  publisher = {Ovid Technologies (Wolters Kluwer Health)},
  volume = {53},
  number = {1},
  pages = {57--64},
  author = {Frank Benedix and Rainer Kube and Frank Meyer and Uwe Schmidt and Ingo Gastinger and Hans Lippert},
  title = {Comparison of 17, 641 Patients With Right- and Left-Sided Colon Cancer: Differences in Epidemiology,  Perioperative Course,  Histology,  and Survival},
  journal = {Diseases of the Colon {\&} Rectum}
}

@article{Albenberg2014,
  doi = {10.1053/j.gastro.2014.07.020},
  url = {https://doi.org/10.1053/j.gastro.2014.07.020},
  year  = {2014},
  month = {nov},
  publisher = {Elsevier {BV}},
  volume = {147},
  number = {5},
  pages = {1055--1063.e8},
  author = {Lindsey Albenberg and Tatiana V. Esipova and Colleen P. Judge and Kyle Bittinger and Jun Chen and Alice Laughlin and Stephanie Grunberg and Robert N. Baldassano and James D. Lewis and Hongzhe Li and Stephen R. Thom and Frederic D. Bushman and Sergei A. Vinogradov and Gary D. Wu},
  title = {Correlation Between Intraluminal Oxygen Gradient and Radial Partitioning of Intestinal Microbiota},
  journal = {Gastroenterology}
}

@article{Donaldson2015,
  doi = {10.1038/nrmicro3552},
  url = {https://doi.org/10.1038/nrmicro3552},
  year  = {2015},
  month = {oct},
  publisher = {Springer Nature},
  volume = {14},
  number = {1},
  pages = {20--32},
  author = {Gregory P. Donaldson and S. Melanie Lee and Sarkis K. Mazmanian},
  title = {Gut biogeography of the bacterial microbiota},
  journal = {Nature Reviews Microbiology}
}

@article{Zackular2014,
  doi = {10.1158/1940-6207.capr-14-0129},
  url = {https://doi.org/10.1158/1940-6207.capr-14-0129},
  year  = {2014},
  month = {aug},
  publisher = {American Association for Cancer Research ({AACR})},
  volume = {7},
  number = {11},
  pages = {1112--1121},
  author = {J. P. Zackular and M. A. M. Rogers and M. T. Ruffin and P. D. Schloss},
  title = {The Human Gut Microbiome as a Screening Tool for Colorectal Cancer},
  journal = {Cancer Prevention Research}
}

@article{Zackular2013,
  doi = {10.1128/mbio.00692-13},
  url = {https://doi.org/10.1128/mbio.00692-13},
  year  = {2013},
  month = {nov},
  publisher = {American Society for Microbiology},
  volume = {4},
  number = {6},
  pages = {e00692--13--e00692--13},
  author = {J. P. Zackular and N. T. Baxter and K. D. Iverson and W. D. Sadler and J. F. Petrosino and G. Y. Chen and P. D. Schloss},
  title = {The Gut Microbiome Modulates Colon Tumorigenesis},
  journal = {{mBio}}
}

@article{Dejea2014,
  doi = {10.1073/pnas.1406199111},
  url = {https://doi.org/10.1073/pnas.1406199111},
  year  = {2014},
  month = {dec},
  publisher = {Proceedings of the National Academy of Sciences},
  volume = {111},
  number = {51},
  pages = {18321--18326},
  author = {Christine M. Dejea and Elizabeth C. Wick and Elizabeth M. Hechenbleikner and James R. White and Jessica L. Mark Welch and Blair J. Rossetti and Scott N. Peterson and Erik C. Snesrud and Gary G. Borisy and Mark Lazarev and Ellen Stein and Jamuna Vadivelu and April C. Roslani and Ausuma A. Malik and Jane W. Wanyiri and Khean L. Goh and Iyadorai Thevambiga and Kai Fu and Fengyi Wan and Nicolas Llosa and Franck Housseau and Katharine Romans and XinQun Wu and Florencia M. McAllister and Shaoguang Wu and Bert Vogelstein and Kenneth W. Kinzler and Drew M. Pardoll and Cynthia L. Sears},
  title = {Microbiota organization is a distinct feature of proximal colorectal cancers},
  journal = {Proceedings of the National Academy of Sciences}
}

@article{Baxter2016,
  doi = {10.1186/s13073-016-0290-3},
  url = {https://doi.org/10.1186/s13073-016-0290-3},
  year  = {2016},
  month = {apr},
  publisher = {Springer Nature},
  volume = {8},
  number = {1},
  author = {Nielson T. Baxter and Mack T. Ruffin and Mary A. M. Rogers and Patrick D. Schloss},
  title = {Microbiota-based model improves the sensitivity of fecal immunochemical test for detecting colonic lesions},
  journal = {Genome Medicine}
}

@article{Jalanka2014,
  doi = {10.1136/gutjnl-2014-307240},
  url = {https://doi.org/10.1136/gutjnl-2014-307240},
  year  = {2014},
  month = {dec},
  publisher = {{BMJ}},
  volume = {64},
  number = {10},
  pages = {1562--1568},
  author = {Jonna Jalanka and Anne Salonen and Jarkko Saloj\"{a}rvi and Jarmo Ritari and Outi Immonen and Luca Marciani and Penny Gowland and Caroline Hoad and Klara Garsed and Ching Lam and Airi Palva and Robin C Spiller and Willem M de Vos},
  title = {Effects of bowel cleansing on the intestinal microbiota},
  journal = {Gut}
}

@article{Harrell2012,
  doi = {10.1371/journal.pone.0032545},
  url = {https://doi.org/10.1371/journal.pone.0032545},
  year  = {2012},
  month = {feb},
  publisher = {Public Library of Science ({PLoS})},
  volume = {7},
  number = {2},
  pages = {e32545},
  author = {Laura Harrell and Yunwei Wang and Dionysios Antonopoulos and Vincent Young and Lev Lichtenstein and Yong Huang and Stephen Hanauer and Eugene Chang},
  editor = {Shree Ram Singh},
  title = {Standard Colonic Lavage Alters the Natural State of Mucosal-Associated Microbiota in the Human Colon},
  journal = {{PLoS} {ONE}}
}